@inproceedings{Zhou:2002:NER:1073083.1073163,
 author = {Zhou, GuoDong and Su, Jian},
 title = {Named Entity Recognition Using an HMM-based Chunk Tagger},
 booktitle = {Proceedings of the 40th Annual Meeting on Association for Computational Linguistics},
 series = {ACL '02},
 year = {2002},
 location = {Philadelphia, Pennsylvania},
 pages = {473--480},
 numpages = {8},
 url = {https://doi.org/10.3115/1073083.1073163},
 doi = {10.3115/1073083.1073163},
 acmid = {1073163},
 publisher = {Association for Computational Linguistics},
 address = {Stroudsburg, PA, USA},
}
@article{Zheng2002Named,
  title={Named entity tagging using an HMM-based chunk tagger},
  author={Zheng, Guodong and Su, Jian},
  journal={Proc Acl},
  pages={473-480},
  year={2002},
}
@article{crf,
author = {Lafferty, John and Mccallum, Andrew and Pereira, Fernando},
year = {2002},
month = {01},
pages = {},
title = {Conditional Random Fields: Probabilistic Models for Segmenting and Labeling Sequence Data},
journal = {Proc ICML}
}
@article{bilstm-crf,
author = {Huang, Zhiheng and Xu, Wei and Yu, Kai},
year = {2015},
month = {08},
pages = {},
title = {Bidirectional LSTM-CRF Models for Sequence Tagging}
}
@article{bilstm-CNNs-ACL2016,
  author    = {Jason P. C. Chiu and
               Eric Nichols},
  title     = {Named Entity Recognition with Bidirectional LSTM-CNNs},
  journal   = {CoRR},
  volume    = {abs/1511.08308},
  year      = {2015},
  url       = {http://arxiv.org/abs/1511.08308},
  archivePrefix = {arXiv},
  eprint    = {1511.08308},
  timestamp = {Mon, 13 Aug 2018 16:46:15 +0200},
  biburl    = {https://dblp.org/rec/bib/journals/corr/ChiuN15},
  bibsource = {dblp computer science bibliography, https://dblp.org}
}
@article{Collobert2011Natural,
  title={Natural Language Processing (almost) from Scratch},
  author={Collobert, Ronan and Weston, Jason and Bottou, Leon and Karlen, Michael and Kavukcuoglu, Koray and Kuksa, Pavel},
  journal={Journal of Machine Learning Research},
  volume={12},
  number={1},
  pages={2493-2537},
  year={2011},
}


@article{li2018survey,
	title={A Survey on Deep Learning for Named Entity Recognition},
	author={Li, Jing and Sun, Aixin and Han, Jianglei and Li, Chenliang},
	journal={arXiv preprint arXiv:1812.09449},
	year={2018}
}
@article{nadeau2007survey,
	title={A survey of named entity recognition and classification},
	author={Nadeau, David and Sekine, Satoshi},
	journal={Lingvisticae Investigationes},
	volume={30},
	number={1},
	pages={3--26},
	year={2007},
	publisher={John Benjamins}
}
@inproceedings{rau1991extracting,
	title={Extracting company names from text},
	author={Rau, Lisa F},
	booktitle={[1991] Proceedings. The Seventh IEEE Conference on Artificial Intelligence Application},
	volume={1},
	pages={29--32},
	year={1991},
	organization={IEEE}
}
@inproceedings{nadeau2006unsupervised,
	title={Unsupervised named-entity recognition: Generating gazetteers and resolving ambiguity},
	author={Nadeau, David and Turney, Peter D and Matwin, Stan},
	booktitle={Conference of the Canadian society for computational studies of intelligence},
	pages={266--277},
	year={2006},
	organization={Springer}
}
@book{李航2012统计学习方法,
	title={统计学习方法},
	author={李航 and others},
	year={2012},
	publisher={清华大学出版社}
}
@book{宗成庆2013统计自然语言处理,
	title={统计自然语言处理},
	author={宗成庆 and others},
	year={2013},
	publisher={清华大学出版社}
}

@misc{noauthor__nodate,
	title = {概率无向图模型},
	author={风翼冰舟},
	url = {https://blog.csdn.net/zb1165048017/article/details/60867140},
	year = {2017}
}
@article{lafferty2001conditional,
	title={Conditional random fields: Probabilistic models for segmenting and labeling sequence data},
	author={Lafferty, John and McCallum, Andrew and Pereira, Fernando CN},
	year={2001}
}